@misc{QuantGuideCheatSheet,
  title        = {The Quant Interview Cheat Sheet},
  howpublished = {\url{https://www.quantguide.io/Cheat-Sheet.pdf}},
  note         = {Accessed: August 14, 2025}
}

@misc{QuantInsiderLinkedInCheatSheet,
  author       = {{Quant Insider}},
  title        = {Probability \& Statistics Cheatsheet (LinkedIn post)},
  howpublished = {\url{https://www.linkedin.com/posts/quant-insider_probability-statistics-cheatsheet-activity-7133740570425835522-60QN/}},
  note         = {Accessed: August 14, 2025}
}
